% Encoding: UTF8 
@book{Lee_Markus,
author = "Ли, Э. Б. and Маркус, Л.",
title = "Основы теории оптимального управления.",
address = "М.",
publisher = "<<Наука>>",
year = 1972,
numpages = 578,
language = "russian"
}
@book{4authors,
author = "Понтрягин, Л. С. and Болтянский, В. Г. and Гамкрелидзе, Р. В. and Мищенко, Е. Ф.",
title = "Математическая теория оптимальных процессов.",
address = "М.",
publisher = "<<Наука>>",
year = 1983,
numpages = 400,
language = "russian"
}
@book{Ivchenko_Medvedev,
author = "Ивченко, Г. И. and Медведев, Ю. И.",
title = "Введение в математическую статистику.",
address = "М.",
publisher = "Издательство ЛКИ",
year = 2010,
numpages = 600,
language = "russian"
}
@book{Kolmogorov_Fomin,
author = "Колмогоров, А. Н. and Фомин, С. В.",
title = "Элементы теории функций и функционального анализа.",
address = "М.",
publisher = "<<НАУКА>>",
year = 1976,
numpages = 544,
language = "russian"
}
@article{Box_Muller,
author = "Box, G. E. and Muller, E.",
title = "A Note on the Generation of Random Normal Deviates.",
journal = "The Annals of Mathematical Statistics",
year = 1958,
language = "english"
}
@book{miit_method,
author = "Иванов, А. В. and Иванова, А. П.",
title = "Моделирование случайных величин, систем массового обслуживания и случайных процессов. Часть 3.",
address = "М.",
publisher = "МИИТ",
year = 2006,
numpages = 52,
language = "russian"}